<collection xmlns="http://www.loc.gov/MARC21/slim">
<record>
  <leader>02189nam0a22003491i 450 </leader>
  <controlfield tag="001">IT\ICCU\CNCE\039051</controlfield>
  <controlfield tag="005">20060504000000.0</controlfield>
  <datafield tag="012" ind1=" " ind2=" ">
    <subfield code="a">toen raa: oria dide (3) 1541 (R)</subfield>
    <subfield code="2">fei</subfield>
  </datafield>
  <datafield tag="100" ind1=" " ind2=" ">
    <subfield code="a">19981105d1541        0itac0103    ba</subfield>
  </datafield>
  <datafield tag="101" ind1=" " ind2=" ">
    <subfield code="a">ITA</subfield>
  </datafield>
  <datafield tag="102" ind1=" " ind2=" ">
    <subfield code="a">IT</subfield>
  </datafield>
  <datafield tag="200" ind1="1" ind2=" ">
    <subfield code="a">℗Le ℗contemplationi deuote di Iacobo Fabro, nouamente di latino in uolgare tradotte. Dello amore diuino. Della Vergine Maria. Della uera patientia. Del continuo conflitto della carne &amp; dell&apos;anima. Della perduta innocentia. Della morte</subfield>
  </datafield>
  <datafield tag="210" ind1=" " ind2=" ">
    <subfield code="a">\Venezia!</subfield>
    <subfield code="c">all&apos;insegna de s. Hieronymo</subfield>
    <subfield code="d">1541</subfield>
    <subfield code="e">In Venetia</subfield>
    <subfield code="g">per Giouanni de Farri &amp; fratelli da Riuoltella</subfield>
    <subfield code="g">ad instantia di Giouanni dalla Chiesa pauese</subfield>
    <subfield code="h">nel anno 1541 del mese di aprile</subfield>
  </datafield>
  <datafield tag="215" ind1=" " ind2=" ">
    <subfield code="a">139, \5! c.</subfield>
    <subfield code="d">16ʻ</subfield>
  </datafield>
  <datafield tag="300" ind1=" " ind2=" ">
    <subfield code="a">La data sul front.  ̈stata modificata a mano in: MDXLII</subfield>
  </datafield>
  <datafield tag="620" ind1=" " ind2=" ">
    <subfield code="a">IT</subfield>
    <subfield code="d">Venezia</subfield>
  </datafield>
  <datafield tag="700" ind1=" " ind2="1">
    <subfield code="a">Lefv̈re d&apos;Etaples,</subfield>
    <subfield code="b">Jacques</subfield>
    <subfield code="3">IT\ICCU\CNCA\001213</subfield>
  </datafield>
  <datafield tag="712" ind1="0" ind2="0">
    <subfield code="a">Farri, Giovanni &amp; fratelli</subfield>
    <subfield code="3">IT\ICCU\CNCT\001827</subfield>
    <subfield code="4">650</subfield>
  </datafield>
  <datafield tag="712" ind1="0" ind2="0">
    <subfield code="a">Dalla_Chiesa, Giovanni</subfield>
    <subfield code="3">IT\ICCU\CNCT\000114</subfield>
    <subfield code="4">650</subfield>
  </datafield>
  <datafield tag="790" ind1=" " ind2="1">
    <subfield code="a">Faber,</subfield>
    <subfield code="b">Iacobus</subfield>
    <subfield code="3">IT\ICCU\CNCA\013937</subfield>
    <subfield code="z">Lefv̈re d&apos;Etaples, Jacques</subfield>
  </datafield>
  <datafield tag="790" ind1=" " ind2="0">
    <subfield code="a">Faber</subfield>
    <subfield code="3">IT\ICCU\CNCA\020361</subfield>
    <subfield code="z">Lefv̈re d&apos;Etaples, Jacques</subfield>
  </datafield>
  <datafield tag="790" ind1=" " ind2="1">
    <subfield code="a">Le Fv̈re d&apos;Etaples,</subfield>
    <subfield code="b">Jacques</subfield>
    <subfield code="3">IT\ICCU\CNCA\020362</subfield>
    <subfield code="z">Lefv̈re d&apos;Etaples, Jacques</subfield>
  </datafield>
  <datafield tag="790" ind1=" " ind2="0">
    <subfield code="a">Faber</subfield>
    <subfield code="c"> : Stapulensis</subfield>
    <subfield code="3">IT\ICCU\CNCA\023856</subfield>
    <subfield code="z">Lefv̈re d&apos;Etaples, Jacques</subfield>
  </datafield>
  <datafield tag="791" ind1="0" ind2="0">
    <subfield code="a">Chiesa, Giovanni della</subfield>
    <subfield code="3">IT\ICCU\CNCT\002282</subfield>
    <subfield code="z">Dalla_Chiesa, Giovanni</subfield>
  </datafield>
  <datafield tag="791" ind1="0" ind2="0">
    <subfield code="a">Ecclesia, Ioannes ab</subfield>
    <subfield code="3">IT\ICCU\CNCT\003235</subfield>
    <subfield code="z">Dalla_Chiesa, Giovanni</subfield>
  </datafield>
  <datafield tag="801" ind1=" " ind2="3">
    <subfield code="a">IT</subfield>
    <subfield code="b">ICCU</subfield>
    <subfield code="c">20201114</subfield>
  </datafield>
  <datafield tag="899" ind1=" " ind2=" ">
    <subfield code="a">Biblioteca Apostolica Vaticana. Citt ̉del Vaticano</subfield>
    <subfield code="1">EX0001</subfield>
    <subfield code="2">ZCV 01</subfield>
  </datafield>
  <datafield tag="899" ind1=" " ind2=" ">
    <subfield code="a">Biblioteca universitaria Alessandrina. Roma</subfield>
    <subfield code="1">RM0280</subfield>
    <subfield code="2">RML 01</subfield>
  </datafield>
  <datafield tag="911" ind1=" " ind2=" ">
    <subfield code="a">Sul front.</subfield>
    <subfield code="9">IT\ICCU\CNCM\001025</subfield>
  </datafield>
  <datafield tag="911" ind1=" " ind2=" ">
    <subfield code="a">In fine.</subfield>
    <subfield code="9">IT\ICCU\CNCM\000844</subfield>
  </datafield>
  <datafield tag="921" ind1=" " ind2=" ">
    <subfield code="a">IT\ICCU\CNCM\001025</subfield>
    <subfield code="b">San Girolamo inginocchiato con un leone accucciato ai piedi e sullo sfondo una chiesa e un paesaggio</subfield>
    <subfield code="c">Z681</subfield>
    <subfield code="f">SANGIROLAM</subfield>
    <subfield code="f">LEONE</subfield>
    <subfield code="f">CHIESA</subfield>
    <subfield code="g">1538-1555</subfield>
  </datafield>
  <datafield tag="921" ind1=" " ind2=" ">
    <subfield code="a">IT\ICCU\CNCM\000844</subfield>
    <subfield code="b">Chiesa sostenuta da due putti</subfield>
    <subfield code="e">Nisi efficiamini sicut parvuli non intrabitis in regnum coelorum. Matth. 18</subfield>
    <subfield code="c">Z343</subfield>
    <subfield code="d">Dimensioni: 4,5 x 6,5</subfield>
    <subfield code="f">CHIESA</subfield>
    <subfield code="f">BAMBINI</subfield>
    <subfield code="g">1541-1552</subfield>
  </datafield>
</record>
</collection>
